@article{PaperSpray,
  author = {He Wang and Jiangjiang Liu and R. Graham Cooks and Zheng Ouyang and Zoltan},
  title = {Paper Spray for Direct Analysis of Complex Mixtures Using Mass Spectrometry},
  journaltitle = {Angewandte Chemie},
  edition = {Internation Edition},
  year = {2010},
  volume = {49},
  pages = {877-880},
  issue = {5},
  doi = {10.1002/anie.200906314},
  publisher = {WILEY-VCH Verlag}
}

@article{StructureElucidation,
  author = {Thomas Müller and Stefan Vergeiner and Bernhard Kräutler},
  title = {Structure elucidation of chlorophyll catabolites (phyllobilins) by ESI-mass spectrometry - Pseudo-molecular ions and fragmentation analysis of a nonflourescent chlorophyll catabolite (NCC)},
  journaltitle = {International Journal of Mass Spectrometry},
  year = {2014},
  volume = {365-366},
  pages = {48-55},
  doi = {10.1016/j.ijms.2013.12.028},
  publisher = {Elsevier}
}
