@book{Chromatographie,
  title = {Chromatographie},
  booksubtitle = {Instrumentelle Analytik mit Chromatographie und Kapillarelektrophorese},
  author = {Jürgen Böcker},
  isbn = {3-8023-1582-0},
  edition = {1. Auflage},
  year = {1997},
  publisher = {Vogel},
  location = {Würzburg},
  keywords = {Chemie, Analytik, Organik},
}

@book{MassSpectrometry,
  title = {Mass Spectrometry},
  booksubtitle = {Principles and Applications},
  author = {Edmond de Hoffmann and Vincent Stroobant},
  edition = {3. Auflage},
  year = {2007},
  publisher = {John Wiley and Sons, Ltd.},
  location = {West Sussex},
  keywords = {Chemie, Analytik, Organik},
}



@article{AmbientIonisation,
  author = {R. Graham Cooks and Zheng Ouyang and Zoltan Takats and Justin M. Wiseman},
  title = {Ambient Mass Spectrometry},
  journaltitle = {Science},
  year = {2006},
  volume = {311},
  pages = {1566-1570},
  issue = {5767}
}

@article{PaperSpray,
  author = {He Wang and Jiangjiang Liu and R. Graham Cooks and Zheng Ouyang and Zoltan},
  title = {Paper Spray for Direct Analysis of Complex Mixtures Using Mass Spectrometry},
  journaltitle = {Angewandte Chemie},
  edition = {Internation Edition},
  year = {2010},
  volume = {49},
  pages = {877-880},
  issue = {5},
  doi = {10.1002/anie.200906314},
  publisher = {WILEY-VCH Verlag}
}

@article{LeafSpray,
  author = {Naim Malaj and Zhen Ouyang and Giovanni Sindona and R. Graham Cooks},
  title = {Analysis of pesticide residues by leaf spray mass spectrometry},
  journaltitle = {Analytische Methoden},
  year = {2012},
  volume = {4},
  pages = {1913-1919},
  issue = {7},
  publisher = {The Royal Society of Chemistry}
}

@article{RapidScreeningLeafSpray,
  author = {Thomas Müller and R. Graham Cooks},
  title = {Differential Rapid Screening of Phytochemicals by Leaf Spray Mass Spectrometry},
  journaltitle = {Analytische Methods},
  year = {2014},
  volume = {35},
  pages = {919-924},
  issue = {3},
  publisher = {Korean Chemical Society},
  OPTdoi = {http://dx.doi.org/10.5012/bkcs.2014.35.3.919},
}

@article{DirectPlantTissue,
  author = {Thomas Müller and Sheran Oradu and Demian R. Ifa and R. Graham Cooks and Bernhard Kräutler},
title = {Direct Plant Tissue Analysis and Imprint Imaging by Desorption
  Electrospray Ionization Mass Spectrometry},
  journaltitle = {analytical chemistry},
  year = {2011},
  volume = {83},
  pages = {5754-5761},
  publisher = {American Chemical Society}
}

@article{StructureElucidation,
  author = {Thomas Müller and Stefan Vergeiner and Bernhard Kräutler},
  title = {Structure elucidation of chlorophyll catabolites (phyllobilins) by ESI-mass spectrometry - Pseudo-molecular ions and fragmentation analysis of a nonflourescent chlorophyll catabolite (NCC)},
  journaltitle = {International Journal of Mass Spectrometry},
  year = {2014},
  volume = {365-366},
  pages = {48-55},
  doi = {10.1016/j.ijms.2013.12.028},
  publisher = {Elsevier}
}



@article{DegradationChlorophyll,
  author = {George A. F. Hendry and Jennifer D. Houghton and Stanley B. Brown},
  title = {The Degradation of Chlorophyll-a biological enigma},
  journaltitle = {New Phytologist},
  year = {1987},
  volume = {107},
  pages = {255-302},
  issue = {2},
  doi = {10.1111/j.1469-8137.1987.tb00181.x},
  publisher = {WILEY-VCH Verlag}
}

@article{ErsterKatabolit,
  author = {Dr. Bernhard Kräutler and Dr. Bernhard Jaun and Karlheinz Bortlik and Maja Schellenberg and Philippe Matile},
  title = {Zum Rätsel des Chlorophyllabbaus: Die Konstitution eines secoporphinoiden Kataboliten},
  journaltitle = {Angewandte Chemie},
  year = {1991},
  volume = {103},
  pages = {1354-1357},
  issue = {10},
  doi = {10.1002/ange.19911031020},
  publisher = {WILEY-VCH Verlag}
}

@article{YCCReferenz,
  author = {Clemens Vergeiner and Markus Ulrich and Chengjie Li and Xiujun Liu and Thomas Müller and Bernhard Kräutler},
  title = {Stereo- and Regioselective Phyllobilane Oxidation in Leaf Homogenates of the Peace Lily (Spathiphyllum wallisii): Hypothetical Endogenous Path to Yellow Chlorophyll Catabolites},
  journaltitle = {Chemistry - A European Journal},
  year = {2015},
  volume = {21},
  pages = {136-149},
  issue = {10},
  doi = {10.1002/chem.201404783},
  publisher = {ChemPubSoc}
}

@article{FCCKatabolit,
  author = {Walter Mühlecker, Univ.-Doz. Dr. Karl-Hans Ongania and Prof. Dr. Bernhard Kräutler and Prof. Dr. Philippe Matile and Dr. Stefan Hörtensteiner},
  title = {Dem Chlorophyllabbau in Pflanzen auf der Spur – Konstitutionsaufklärung eines „fluoreszierenden” Chlorophyllkataboliten},
  journaltitle = {Angewandte Chemie},
  year = {1997},
  volume = {109},
  pages = {401-404},
  issue = {4},
  doi = {10.1002/ange.19971090424},
  publisher = {WILEY-VCH Verlag}
}

@article{ChlorophyllBreakdown,
  author = {Bernhard Kräutler and Philippe Matile},
  title = {Solving the Riddle of Chlorophyll Breakdown},
  journaltitle = {Accounts of Chemical Research},
  year = {1999},
  volume = {32},
  pages = {35-43},
  issue = {1},
  doi = {10.1021/ar970225n},
  publisher = {American Chemical Society}
}

@article{ChlorophyllCatabolites,
  author = {Simone Moser and Thomas Müller and Michael Oberhuber and Bernhard Kräutler},
  title = {Chlorophyll Catabolites – Chemical and Structural Footprints of a Fascinating Biological Phenomenon},
  journaltitle = {European Journal of Organic Chemistry},
  year = {2008},
  volume = {2009},
  pages = {21-31},
  issue = {1},
  doi = {10.1002/ejoc.200800804},
  publisher = {WILEY-VCH Verlag}
}

@article{ChlorophyllCatabolitesEnzyme,
  author = {Bernhard Kräutler and Stefan Hörtensteiner},
  title = {Chlorophyll Catabolites and the Biochemistry of 
  Chlorophyll Breakdown},
  journaltitle = {Chlorophylls and Bacteriochlorophylls: Biochemistry, Biophysics, Functions and    Applications},
  year = {2007},
  volume = {25},
  pages = {237-260},
doi = {10.1007/1-4020-4516-6_17}
}

@article{ChlorophyllCataboliteDifferent,
  author = {Simone Moser and Thomas Müller and Michael Oberhuber and Bernhard Kräutler},
  title = {Chlorophyll Catabolites – Chemical and Structural Footprints of a Fascinating Biological Phenomenon},
  journaltitle = {European Journal of Organic Chemistry},
  year = {2009},
  volume = {2009},
  issue = {1},
  pages = {21-31},
  doi = {10.1002/ejoc.200890104}
}

@article{ChlorophyllCatabolitesBroccoli,
  author = {Matthias H. Roiser and Thomas Müller and Bernhard Kräutler},
  title = {Colorless Chlorophyll Catabolites in Senescent Florets of Broccoli (Brassica oleracea var. italica},
  journaltitle = {Journal of Agricultural and Food Chemistry},
  year = {2015},
  volume = {63},
  pages = {1385-1392},
  doi = {10.1021/jf5055326}
}

@article{ChlorophyllKatabolitenalsZeichenReifung,
  author = {Bernhard Kräutler},
  title = {Der Chlorophyllabbau in höheren Pflanzen – Phyllobiline als weitverbreitete, aber kaum sichtbare Zeichen von Reifung, Seneszenz und Zelltod},
  journal = {Angewandte Chemie},
  year = {2016},
  volume = {128},
  issue = {16},
  pages = {4964-4990},
  doi = {10.1002/ange.201508928}
}

@online{scipy,
  author = {Warren Weckesser},
  title = {savitzkygolay.py},
  year = {2017},
  url = {https://github.com/scipy/scipy/blob/v0.17.1/scipy/signal/_savitzky_golay.py#L228-L349},
  version = {v0.17.1},
  organization = {scipy},
  month = {12},
  day = {05}
}
